@book{ml-mitchell,
    author    = {Tom M. Mitchell},
    title     = {Machine learning, International Edition},
    series    = {McGraw-Hill Series in Computer Science},
    publisher = {McGraw-Hill},
    year      = {1997},
    url       = {https://www.worldcat.org/oclc/61321007},
    isbn      = {978-0-07-042807-2},
    timestamp = {Wed, 29 Jul 2020 10:46:01 +0200},
    biburl    = {https://dblp.org/rec/books/daglib/0087929.bib},
    bibsource = {dblp computer science bibliography, https://dblp.org}
}

@inproceedings{galder-symbolic-sub-symbolic,
    author    = {Tim van Gelder},
    editor    = {Georg Dorffner},
    title     = {Why Distributed Representation is Inherently Non-Symbolic},
    booktitle = {Konnektionismus in Artificial Intelligence und Kognitionsforschung.
    Proceedings 6. {\"{O}}sterreichische Artificial Intelligence-Tagung
    (KONNAI), Salzburg, {\"{O}}sterreich, 18. bis 21. September 1990},
    series    = {Informatik-Fachberichte},
    volume    = {252},
    pages     = {58--66},
    publisher = {Springer},
    year      = {1990},
    url       = {https://doi.org/10.1007/978-3-642-76070-9\_6},
    doi       = {10.1007/978-3-642-76070-9\_6},
    timestamp = {Sun, 21 May 2017 00:20:33 +0200},
    biburl    = {https://dblp.org/rec/conf/ogai/Gelder90.bib},
    bibsource = {dblp computer science bibliography, https://dblp.org}
}

@book{ferber-mas,
    author    = {Jacques Ferber},
    title     = {Multi-agent systems - an introduction to distributed artificial intelligence},
    publisher = {Addison-Wesley-Longman},
    year      = {1999},
    timestamp = {Tue, 12 Apr 2011 15:08:21 +0200},
    biburl    = {https://dblp.org/rec/books/daglib/0000780.bib},
    bibsource = {dblp computer science bibliography, https://dblp.org}
}

@article{transfer-learning-survey-2010,
    author    = {Sinno Jialin Pan and
    Qiang Yang},
    title     = {A Survey on Transfer Learning},
    journal   = {{IEEE} Trans. Knowl. Data Eng.},
    volume    = {22},
    number    = {10},
    pages     = {1345--1359},
    year      = {2010},
    url       = {https://doi.org/10.1109/TKDE.2009.191},
    doi       = {10.1109/TKDE.2009.191},
    timestamp = {Sun, 02 Jun 2019 20:47:44 +0200},
    biburl    = {https://dblp.org/rec/journals/tkde/PanY10.bib},
    bibsource = {dblp computer science bibliography, https://dblp.org}
}

@article{transfer-learning-survey-2016,
    author    = {Karl R. Weiss and
    Taghi M. Khoshgoftaar and
    Dingding Wang},
    title     = {A survey of transfer learning},
    journal   = {J. Big Data},
    volume    = {3},
    pages     = {9},
    year      = {2016},
    url       = {https://doi.org/10.1186/s40537-016-0043-6},
    doi       = {10.1186/s40537-016-0043-6},
    timestamp = {Sun, 02 Jun 2019 20:55:19 +0200},
    biburl    = {https://dblp.org/rec/journals/jbd/WeissK016.bib},
    bibsource = {dblp computer science bibliography, https://dblp.org}
}

@incollection{shallow2deep-extraamas2021,
    address = {Cham, Switzerland},
    author = {Agiollo, Andrea and Ciatto, Giovanni and Omicini, Andrea},
    booktitle = {Explainable and Transparent AI and Multi-Agent Systems. Third International Workshop, EXTRAAMAS 2021, Virtual Event, May 3--7, 2021, Revised Selected Papers},
    doi = {10.1007/978-3-030-82017-6_5},
    editor = {Calvaresi, Davide and Najjar, Amro and Winikoff, Michael and Fr{\"a}mling, Kary},
    iris = {11585/838540},
    isbn = {978-3-030-82016-9},
    isbn-online = {978-3-030-82017-6},
    issn = {0302-9743},
    keywords = {Neural Architecture Search; Evolutionary Algorithm; Opacity; Interpretability},
    pages = {63--82},
    publisher = {Springer},
    scopus = {2-s2.0-85113325735},
    series = {Lecture Notes in Computer Science},
    subseries = {Lecture Notes in Artificial Intelligence},
    title = {{\it Shallow2Deep}: Restraining Neural Networks Opacity through Neural Architecture Search},
    url = {http://link.springer.com/10.1007/978-3-030-82017-6_5},
    volume = 12688,
    year = 2021} 

@article{interpretability-queue16,
    _Doi = {10.1145/3236386.3241340},
    Articleno = 2,
    Author = {Lipton, Zachary Chase},
    Date-Added = {2019-11-15 14:51:57 +0100},
    Date-Modified = {2019-11-15 15:14:43 +0100},
    Journal = {ACM Queue},
    Month = may # {--} # jun,
    Number = 3,
    Numpages = 27,
    Title = {The Mythos of Model Interpretability},
    Url = {https://dl.acm.org/citation.cfm?id=3241340},
    Volume = 16,
    Year = 2018,
    Bdsk-Url-1 = {http://arxiv.org/abs/1606.03490}}

@inproceedings{surveyXie,
    author    = {Yaqi Xie and
    Ziwei Xu and
    Kuldeep S. Meel and
    Mohan S. Kankanhalli and
    Harold Soh},
    editor    = {Hanna M. Wallach and
    Hugo Larochelle and
    Alina Beygelzimer and
    Florence d'Alch{\'{e}}{-}Buc and
    Emily B. Fox and
    Roman Garnett},
    title     = {Embedding Symbolic Knowledge into Deep Networks},
    booktitle = {Advances in Neural Information Processing Systems 32: Annual Conference
    on Neural Information Processing Systems 2019, NeurIPS 2019, December
    8-14, 2019, Vancouver, BC, Canada},
    pages     = {4235--4245},
    year      = {2019},
    url       = {https://proceedings.neurips.cc/paper/2019/hash/7b66b4fd401a271a1c7224027ce111bc-Abstract.html},
    timestamp = {Thu, 21 Jan 2021 15:15:19 +0100},
    biburl    = {https://dblp.org/rec/conf/nips/XieXMKS19.bib},
    bibsource = {dblp computer science bibliography, https://dblp.org}
}

@article{CalegariCO20-survey-ske-ski,
    author    = {Roberta Calegari and
    Giovanni Ciatto and
    Andrea Omicini},
    title     = {On the integration of symbolic and sub-symbolic techniques for {XAI:}
    {A} survey},
    journal   = {Intelligenza Artificiale},
    volume    = {14},
    number    = {1},
    pages     = {7--32},
    year      = {2020},
    url       = {https://doi.org/10.3233/IA-190036},
    doi       = {10.3233/IA-190036},
    timestamp = {Mon, 05 Oct 2020 09:36:33 +0200},
    biburl    = {https://dblp.org/rec/journals/ia/CalegariCO20.bib},
    bibsource = {dblp computer science bibliography, https://dblp.org}
}

@article{NeuroSymb-survey-ski,
    author    = {Tarek R. Besold and
    Artur S. d'Avila Garcez and
    Sebastian Bader and
    Howard Bowman and
    Pedro M. Domingos and
    Pascal Hitzler and
    Kai{-}Uwe K{\"{u}}hnberger and
    Lu{\'{\i}}s C. Lamb and
    Daniel Lowd and
    Priscila Machado Vieira Lima and
    Leo de Penning and
    Gadi Pinkas and
    Hoifung Poon and
    Gerson Zaverucha},
    title     = {Neural-Symbolic Learning and Reasoning: {A} Survey and Interpretation},
    journal   = {CoRR},
    volume    = {abs/1711.03902},
    year      = {2017},
    url       = {http://arxiv.org/abs/1711.03902},
    eprinttype = {arXiv},
    eprint    = {1711.03902},
    timestamp = {Mon, 13 Aug 2018 16:48:12 +0200},
    biburl    = {https://dblp.org/rec/journals/corr/abs-1711-03902.bib},
    bibsource = {dblp computer science bibliography, https://dblp.org}
}

@article{ChoudharyLMS2021-survey-ski,
    author    = {Shivani Choudhary and
    Tarun Luthra and
    Ashima Mittal and
    Rajat Singh},
    title     = {A Survey of Knowledge Graph Embedding and Their Applications},
    journal   = {CoRR},
    volume    = {abs/2107.07842},
    year      = {2021},
    url       = {https://arxiv.org/abs/2107.07842},
    eprinttype = {arXiv},
    eprint    = {2107.07842},
    timestamp = {Thu, 14 Oct 2021 09:14:03 +0200},
    biburl    = {https://dblp.org/rec/journals/corr/abs-2107-07842.bib},
    bibsource = {dblp computer science bibliography, https://dblp.org}
}

@article{guidotti2018-survey-ske,
    article-no = 93,
    author = {Guidotti, Riccardo and Monreale, Anna and Ruggieri, Salvatore and Turini, Franco and Giannotti, Fosca and Pedreschi, Dino},
    date-added = {2021-05-20 10:40:06 +0200},
    date-modified = {2021-09-17 16:07:45 +0200},
    doi = {10.1145/3236009},
    journal = {ACM Computing Surveys},
    number = 5,
    pages = {1--42},
    title = {A Survey of Methods for Explaining Black Box Models},
    volume = 51,
    year = 2018,
    Bdsk-Url-1 = {https://doi.org/10.1145/3236009}}

@article{Hailesilassie16-survey-ske,
    author    = {Tameru Hailesilassie},
    title     = {Rule Extraction Algorithm for Deep Neural Networks: {A} Review},
    journal   = {CoRR},
    volume    = {abs/1610.05267},
    year      = {2016},
    url       = {http://arxiv.org/abs/1610.05267},
    eprinttype = {arXiv},
    eprint    = {1610.05267},
    timestamp = {Mon, 13 Aug 2018 16:49:15 +0200},
    biburl    = {https://dblp.org/rec/journals/corr/Hailesilassie16.bib},
    bibsource = {dblp computer science bibliography, https://dblp.org}
}

@article{self-organization-survey,
    author    = {Dayong Ye and
    Minjie Zhang and
    Athanasios V. Vasilakos},
    title     = {A Survey of Self-Organization Mechanisms in Multiagent Systems},
    journal   = {{IEEE} Trans. Syst. Man Cybern. Syst.},
    volume    = {47},
    number    = {3},
    pages     = {441--461},
    year      = {2017},
    url       = {https://doi.org/10.1109/TSMC.2015.2504350},
    doi       = {10.1109/TSMC.2015.2504350},
    timestamp = {Fri, 09 Apr 2021 18:26:12 +0200},
    biburl    = {https://dblp.org/rec/journals/tsmc/YeZV17.bib},
    bibsource = {dblp computer science bibliography, https://dblp.org}
}

@inproceedings{Omicini20-mas-explainability,
    author    = {Andrea Omicini},
    editor    = {Giuseppe Vizzari and
    Matteo Palmonari and
    Andrea Orlandini},
    title     = {Not Just for Humans: Explanation for Agent-to-Agent Communication},
    booktitle = {Proceedings of the AIxIA 2020 Discussion Papers Workshop co-located
    with the the 19th International Conference of the Italian Association
    for Artificial Intelligence (AIxIA2020), Anywhere, November 27th,
    2020},
    series    = {{CEUR} Workshop Proceedings},
    volume    = {2776},
    pages     = {1--11},
    publisher = {CEUR-WS.org},
    year      = {2020},
    url       = {http://ceur-ws.org/Vol-2776/paper-1.pdf},
    timestamp = {Mon, 21 Dec 2020 17:28:12 +0100},
    biburl    = {https://dblp.org/rec/conf/aiia/Omicini20.bib},
    bibsource = {dblp computer science bibliography, https://dblp.org}
}

@incollection{norman-communication-mas,
    author    = {Timothy J. Norman and
    Daniela Vasconcelos Carbogim and
    Erik C. W. Krabbe and
    Douglas Walton},
    editor    = {Chris Reed and
    Timothy J. Norman},
    title     = {Argument and Multi-Agent Systems},
    booktitle = {Argumentation Machines, New Frontiers in Argument and Computation},
    series    = {Argumentation Library},
    volume    = {9},
    pages     = {15--54},
    publisher = {Springer},
    year      = {2004},
    url       = {https://doi.org/10.1007/978-94-017-0431-1\_2},
    doi       = {10.1007/978-94-017-0431-1\_2},
    timestamp = {Fri, 02 Nov 2018 09:26:53 +0100},
    biburl    = {https://dblp.org/rec/series/argulib/NormanCKW04.bib},
    bibsource = {dblp computer science bibliography, https://dblp.org}
}

@article{CalegariCMO21-mas-logic-tech,
    author    = {Roberta Calegari and
    Giovanni Ciatto and
    Viviana Mascardi and
    Andrea Omicini},
    title     = {Logic-based technologies for multi-agent systems: a systematic literature
    review},
    journal   = {Auton. Agents Multi Agent Syst.},
    volume    = {35},
    number    = {1},
    pages     = {1},
    year      = {2021},
    url       = {https://doi.org/10.1007/s10458-020-09478-3},
    doi       = {10.1007/s10458-020-09478-3},
    timestamp = {Fri, 14 May 2021 08:32:14 +0200},
    biburl    = {https://dblp.org/rec/journals/aamas/CalegariCMO21.bib},
    bibsource = {dblp computer science bibliography, https://dblp.org}
}

@article{Muggleton91-ilp,
    author    = {Stephen H. Muggleton},
    title     = {Inductive Logic Programming},
    journal   = {New Gener. Comput.},
    volume    = {8},
    number    = {4},
    pages     = {295--318},
    year      = {1991},
    url       = {https://doi.org/10.1007/BF03037089},
    doi       = {10.1007/BF03037089},
    timestamp = {Sat, 30 Apr 2022 12:43:30 +0200},
    biburl    = {https://dblp.org/rec/journals/ngc/Muggleton91.bib},
    bibsource = {dblp computer science bibliography, https://dblp.org}
}

@incollection{learningToLearn,
    author    = {Sebastian Thrun and
    Lorien Y. Pratt},
    editor    = {Sebastian Thrun and
    Lorien Y. Pratt},
    title     = {Learning to Learn: Introduction and Overview},
    booktitle = {Learning to Learn},
    pages     = {3--17},
    publisher = {Springer},
    year      = {1998},
    url       = {https://doi.org/10.1007/978-1-4615-5529-2\_1},
    doi       = {10.1007/978-1-4615-5529-2\_1},
    timestamp = {Thu, 16 May 2019 19:21:14 +0200},
    biburl    = {https://dblp.org/rec/books/sp/98/ThrunP98.bib},
    bibsource = {dblp computer science bibliography, https://dblp.org}
}

@article{AGI,
    author    = {Sam S. Adams and
    Itamar Arel and
    Joscha Bach and
    Robert Coop and
    Rod Furlan and
    Ben Goertzel and
    J. Storrs Hall and
    Alexei V. Samsonovich and
    Matthias Scheutz and
    Matthew Schlesinger and
    Stuart C. Shapiro and
    John F. Sowa},
    title     = {Mapping the Landscape of Human-Level Artificial General Intelligence},
    journal   = {{AI} Mag.},
    volume    = {33},
    number    = {1},
    pages     = {25--42},
    year      = {2012},
    url       = {https://doi.org/10.1609/aimag.v33i1.2322},
    doi       = {10.1609/aimag.v33i1.2322},
    timestamp = {Mon, 26 Oct 2020 08:41:48 +0100},
    biburl    = {https://dblp.org/rec/journals/aim/AdamsABCFGHSSSSS12.bib},
    bibsource = {dblp computer science bibliography, https://dblp.org}
}

@inproceedings{psyke,
    author    = {Federico Sabbatini and
    Giovanni Ciatto and
    Roberta Calegari and
    Andrea Omicini},
    editor    = {Roberta Calegari and
    Giovanni Ciatto and
    Enrico Denti and
    Andrea Omicini and
    Giovanni Sartor},
    title     = {On the Design of PSyKE: {A} Platform for Symbolic Knowledge Extraction},
    booktitle = {Proceedings of the 22nd Workshop "From Objects to Agents", Bologna,
    Italy, September 1-3, 2021},
    series    = {{CEUR} Workshop Proceedings},
    volume    = {2963},
    pages     = {29--48},
    publisher = {CEUR-WS.org},
    year      = {2021},
    url       = {http://ceur-ws.org/Vol-2963/paper14.pdf},
    timestamp = {Mon, 04 Apr 2022 13:41:16 +0200},
    biburl    = {https://dblp.org/rec/conf/woa/SabbatiniCCO21.bib},
    bibsource = {dblp computer science bibliography, https://dblp.org}
}

@inproceedings{psyki,
    author    = {Matteo Magnini and
    Giovanni Ciatto and
    Andrea Omicini},
    editor    = {Davide Calvaresi and
    Amro Najjar and
    Michael Winikoff and
    Kary Fr{\"{a}}mling},
    title     = {On the Design of PSyKI: A Platform for Symbolic Knowledge Injection into Sub-Symbolic Predictors},
    booktitle = {Explainable and Transparent {AI} and Multi-Agent Systems - Fourth International
    Workshop, {EXTRAAMAS} 2022, Virtual Event, May 9-10, 2021, Revised
    Selected Papers},
    series    = {Lecture Notes in Computer Science},
    publisher = {Springer},
    year      = {2022, in press},
}